%
%  An example of a bibliographical database for bibTeX
%
%  Recommended software for maintenance of *.bib files:
%    JabRef, http://jabref.sourceforge.net/
%
%  BEWARE:
%
%    *  If a name contains a capital letter, which must be kept such,
%       use curly brackets ({T}hailand, {HIV}).
%
%  ===========================================================================

@online{DeepHear,
  author = {Felix Sun},
  title = {DeepHear - Composing and harmonizing music with neural networks},
  url = {http://web.mit.edu/felixsun/www/neural-music.html},
  urldate = {2016-04-02}
}

@online{Corrado15,
  author = {Greg Corrado},
  title = {Computer, respond to this email.},
  year = 2015,
  url = {http://googleresearch.blogspot.cz/2015/11/computer-respond-to-this-email.html#1},
  urldate = {2016-03-31}
}

@online{Karpathy15,
  author = {Andrej Karpathy},
  title = {The Unreasonable Effectiveness of Recurrent Neural Networks},
  year = 2015,
  url = {http://karpathy.github.io/2015/05/21/rnn-effectiveness/},
  urldate = {2016-04-01}
}

@article{GatysEB15a,
  author    = {Leon A. Gatys and
               Alexander S. Ecker and
               Matthias Bethge},
  title     = {A Neural Algorithm of Artistic Style},
  journal   = {CoRR},
  volume    = {abs/1508.06576},
  year      = {2015},
  url       = {http://arxiv.org/abs/1508.06576},
  timestamp = {Tue, 01 Sep 2015 14:42:40 +0200},
  biburl    = {http://dblp.uni-trier.de/rec/bib/journals/corr/GatysEB15a},
  bibsource = {dblp computer science bibliography, http://dblp.org}
}

@article{LiW16,
  author    = {Chuan Li and
               Michael Wand},
  title     = {Combining Markov Random Fields and Convolutional Neural Networks for
               Image Synthesis},
  journal   = {CoRR},
  volume    = {abs/1601.04589},
  year      = {2016},
  url       = {http://arxiv.org/abs/1601.04589},
  timestamp = {Mon, 01 Feb 2016 15:36:05 +0100},
  biburl    = {http://dblp.uni-trier.de/rec/bib/journals/corr/LiW16},
  bibsource = {dblp computer science bibliography, http://dblp.org}
}

@article{Champandard2016semantic,
  title={Semantic Style Transfer and Turning Two-Bit Doodles into Fine Artworks},
  author={Champandard, Alex J},
  journal={arXiv preprint arXiv:1603.01768},
  year={2016}
}

@online{DeepDrumpf,
  author = {Bradley Hayes},
  year = {2016},
  url = {https://twitter.com/deepdrumpf}
}

@article{Mnih2015human,
  title={Human-level control through deep reinforcement learning},
  author={Mnih, Volodymyr and Kavukcuoglu, Koray and Silver, David and Rusu, Andrei A and Veness, Joel and Bellemare, Marc G and Graves, Alex and Riedmiller, Martin and Fidjeland, Andreas K and Ostrovski, Georg and others},
  journal={Nature},
  volume={518},
  number={7540},
  pages={529--533},
  year={2015},
  publisher={Nature Publishing Group},
  url={https://storage.googleapis.com/deepmind-data/assets/papers/DeepMindNature14236Paper.pdf}}
}

@incollection{Baudivs2011pachi,
  title={Pachi: State of the art open source Go program},
  author={Baudi{\v{s}}, Petr and Gailly, Jean-loup},
  booktitle={Advances in Computer Games},
  pages={24--38},
  year={2011},
  publisher={Springer}
}

@article{Silver2016mastering,
  title={Mastering the game of Go with deep neural networks and tree search},
  author={Silver, David and Huang, Aja and Maddison, Chris J. and Guez, Arthur and Sifre, Laurent and van den Driessche, George and Schrittwieser, Julian and Antonoglou, Ioannis and Panneershelvam, Veda and Lanctot, Marc and others},
  journal={Nature},
  volume={529},
  number={7587},
  pages={484--489},
  year={2016},
  publisher={Nature Publishing Group}
}

@online{xkcdGameAIs,
  author = {Randall Munroe},
  title = {Game AIs},
  url = {https://xkcd.com/1002/},
  urldate = {2016-04-02}
}

@article{Bowling2015heads,
  title={Heads-up limit hold’em poker is solved},
  author={Bowling, Michael and Burch, Neil and Johanson, Michael and Tammelin, Oskari},
  journal={Science},
  volume={347},
  number={6218},
  pages={145--149},
  year={2015},
  publisher={American Association for the Advancement of Science},
  url={http://poker.cs.ualberta.ca/15science.html}
}

@book{Allis1994searching,
  title={Searching for solutions in games and artificial intelligence},
  author={Allis, Louis Victor and others},
  year={1994},
  publisher={Ponsen \& Looijen}
}

@phdthesis{Dieterle2003multianalyte,
  title={Multianalyte quantifications by means of integration of artificial neural networks, genetic algorithms and chemometrics for time-resolved analytical data},
  author={Dieterle, Frank Jochen},
  year={2003},
  school={Universit{\"a}t T{\"u}bingen}
}

@article{Graves2014neural,
  title={Neural turing machines},
  author={Graves, Alex and Wayne, Greg and Danihelka, Ivo},
  journal={arXiv preprint arXiv:1410.5401},
  year={2014}
}

@book{Kurzweil2005singularity,
  title={The singularity is near: When humans transcend biology},
  author={Kurzweil, Ray},
  year={2005},
  publisher={Penguin}
}

@article{Conway1976number,
  title={On Numbers and Games},
  author={Conway, John Horton},
  journal={London Mathematical Society Monographs},
  volume={6},
  year={1976}
}

@article{Lecun2015deep,
  title={Deep learning},
  author={LeCun, Yann and Bengio, Yoshua and Hinton, Geoffrey},
  journal={Nature},
  volume={521},
  number={7553},
  pages={436--444},
  year={2015},
  publisher={Nature Publishing Group}
}

@article{BurchJohansonBowling13,
  author = {Burch, N. and Johanson, M. and Bowling, M.},
  title = {Solving Imperfect Information Games Using Decomposition},
  journal = {Proceedings of the Twenty-Eighth Conference on Artificial Intelligence},
  year = {2014}
}

@book{AGT07,
  author = {Nisan, Noam and Roughgarden, Tim and Tardos, Eva and Vazirani, Vijay V.},
  title = {Algorithmic Game Theory},
  year = {2007},
  isbn = {0521872820},
  publisher = {Cambridge University Press},
  address = {New York, NY, USA},
} 

@inproceedings{GanzfriedSandholm13improving,
  title={Improving performance in imperfect-information games with large state and action spaces by solving endgames},
  author={Ganzfried, Sam and Sandholm, Tuomas},
  booktitle={Computer Poker and Imperfect Information Workshop at the National Conference on Artificial Intelligence (AAAI)},
  year={2013}
}

@phdthesis{Muller1995computer,
  title = {Computer Go as a sum of local games: an application of combinatorial game theory},
  author = {M{\"u}ller, Martin},
  year = {1995},
  school = {TU Graz}
}

@article{Takagawa85,
  author  = {Takagawa Shukaku}, 
  title   = {How Many Moves is it Possible to Read?},
  journal = {Go World},
  number  = 41,
  pages   = {30--33},
  month   = {Autumn},
  year    = 1985,
  note    = {The Ishi Press, Inc.}
}

@article{Wilcox79,
  author  = {Wilcox, Bruce}, 
  title   = {Computer {G}o - The {R}eitman-{W}ilcox Program},
  journal = {American Go Journal},
  year    = 1979,
  number  = 14,
  pages   = {23--41}
}

@article{Enderton1991golem,
  title={The {G}olem {G}o program},
  author={Enderton, Herbert D.},
  year={1991},
  journal={Carnegie Mellon University}
}

@article{Stoutamire1991machine,
  title={Machine learning, game play, and {G}o},
  author={Stoutamire, David},
  journal={Case Western Reserve University, Tech. Rep},
  pages={91--128},
  year={1991}
}

@article{Schraudolph1994temporal,
  title={Temporal difference learning of position evaluation in the game of {G}o},
  author={Schraudolph, Nicol N. and Dayan, Peter and Sejnowski, Terrence J.},
  journal={Advances in Neural Information Processing Systems},
  pages={817--817},
  year={1994},
  publisher={MORGAN KAUFMANN PUBLISHERS}
}

@inbook{Speelman1981endgame,
  title={Endgame preparation: advanced analysis of important areas},
  pages={7--8},
  author={Speelman, Jonathan},
  year={1981},
  publisher={BT Batsford}
}

@inbook{Minev2004practical,
  title={A Practical Guide to Rook Endgames},
  pages={5},
  author={Minev, Nikolay},
  year={2004},
  publisher={Russell Enterprises}
}

@book{Fine1952middle,
  title={The middle game in chess},
  author={Fine, Reuben},
  year={1952},
  publisher={D. McKay Co.}
}

@book{Portisch1981six,
  title={Six hundred endings},
  author={Portisch, L. and S{\'a}rk{\"o}zy, B.},
  lccn={80040754},
  year={1981},
  publisher={Pergamon Press}
}

@book{Alburt1999just,
  title={Just the Facts!: Winning Endgame Knowledge in One Volume},
  author={Alburt, L. and Krogius, N.},
  isbn={9781889323060},
  lccn={99066852},
  series={Comprehensive chess course series},
  year={1999},
  publisher={Chess Information and Research Center}
}

@inbook{Flear2007practical,
  title={Practical Endgame Play - Beyond the Basics: The Definitive Guide to the Endgames That Really Matter},
  pages={7--8},
  author={Flear, G.},
  isbn={9781857445558},
  series={Everyman Chess},
  year={2007},
  publisher={Everyman Chess}
}

@book{Levy2009computers,
  title={How Computers Play Chess},
  author={Levy, D.~N.~L. and Newborn, M.},
  isbn={9784871878012},
  year={2009},
  publisher={Ishi Press}
}

@online{Muller2006EGTB,
  author = {Muller, H.~G.},
  title = {{EGTB} generator},
  year = 2006,
  url = {http://home.hccnet.nl/h.g.muller/EGTB.html},
  urldate = {2016-06-24}
}

@article{Bellman1965application,
  title={On the application of dynamic programing to the determination of optimal play in chess and checkers},
  author={Bellman, Richard},
  journal={Proceedings of the National Academy of Sciences of the United States of America},
  volume={53},
  number={2},
  pages={244},
  year={1965},
  publisher={National Academy of Sciences}
}

@online{Krabbe2014StillersMonster,
  author = {Krabbé, Tim},
  title = {STILLER's MONSTERS or perfection in chess},
  year = 2014,
  url = {https://timkr.home.xs4all.nl/chess/perfect.htm},
  urldate = {2016-06-24}
}

@online{Bourzutschky2006sevenman,
  author = {Bourzutschky, Marc},
  title = {7-man endgames with pawns},
  year = 2006,
  url = {http://kirill-kryukov.com/chess/discussion-board/viewtopic.php?t=805},
  urldate = {2016-06-24}
}

@article{Herik1987sixmenendgame,
  title={A 6-Men-Endgame Database: KRP(a2)KBP(a3)},
  author={Herik, H. Jaap and Herschberg, Israel Samuel and Nakad, Najib},
  journal={ICCA JOURNAL},
  volume={10},
  number={4},
  pages={163--180},
  year={1987},
  publisher={INTL COMPUTER CHESS ASSN UNIV LIMBURG, DEPT COMPUTER SCI FACULTY GENERAL SCIENCES}
}
